<?xml version="1.0" encoding="UTF-8"?><record xmlns="http://www.loc.gov/MARC21/slim" xmlns:cinclude="http://apache.org/cocoon/include/1.0" xmlns:zs="http://www.loc.gov/zing/srw/">
  <leader>00871nz  a2200145n  4500</leader>
  <controlfield tag="001">no 98070292 </controlfield>
  <controlfield tag="003">DLC</controlfield>
  <controlfield tag="005">19980310051856.5</controlfield>
  <controlfield tag="008">980309n| acannaab|          |a ana     c</controlfield>
  <datafield tag="010" ind1=" " ind2=" ">
    <subfield code="a">no 98070292 </subfield>
  </datafield>
  <datafield tag="035" ind1=" " ind2=" ">
    <subfield code="a">(OCoLC)oca04676956 </subfield>
  </datafield>
  <datafield tag="040" ind1=" " ind2=" ">
    <subfield code="a">MH</subfield>
    <subfield code="c">MH</subfield>
  </datafield>
  <datafield tag="110" ind1="2" ind2="0">
    <subfield code="a">Odesʹkyĭ derz︠h︡avnyĭ universytet imeni I.I. Mechnykova.</subfield>
    <subfield code="b">Upravlinni︠a︡ okhorony nerukhomykh ob'i︠e︡ktiv kulʹturnoï spadshchyny</subfield>
  </datafield>
  <datafield tag="410" ind1="2" ind2="0">
    <subfield code="a">Odesʹkyĭ derz︠h︡avnyĭ universytet imeni I.I. Mechnykova.</subfield>
    <subfield code="b">Kafedra arkheolohiï ta etnohrafiï Ukraïny.</subfield>
    <subfield code="b">Upravlinni︠a︡ okhorony nerukhomykh ob'i︠e︡ktiv kulʹturnoï spadshchyny</subfield>
  </datafield>
  <datafield tag="670" ind1=" " ind2=" ">
    <subfield code="a">Straoz︠h︡ytnosti Prychonomor'i︠a︡, Vyp. 1 (1995):</subfield>
    <subfield code="b">t.p. (Odesʹkyĭ derz︠h︡avnyĭ universytet, Kafedra arkheolohiï ta etnohrafiï Ukraïny, Upravlinni︠a︡ okhorony nerukhomykh ob'i︠e︡ktiv kulʹturnoï spadshchyny)</subfield>
  </datafield>
</record>